@article{milnor2011,
  title={Differential topology forty-six years later},
  author={Milnor, John and others},
  journal={Notices of the AMS},
  volume={58},
  number={6},
  year={2011}
}

@book{milnor,
  title={Topology from the differentiable viewpoint},
  author={Milnor, John Willard},
  year={1997},
  publisher={Princeton University Press}
}
